<record><leader>00000cas a2200000 a 4500</leader><controlfield tag="001">30010453</controlfield><controlfield tag="008">940323d19091959nyuwr ne      0    0eng c</controlfield><datafield ind1=" " ind2=" " tag="010"><subfield code="a">sn 94057536 </subfield></datafield><datafield ind1=" " ind2=" " tag="040"><subfield code="a">NYS</subfield><subfield code="b">eng</subfield><subfield code="c">NYS</subfield><subfield code="d">OCLCQ</subfield><subfield code="d">OCLCF</subfield><subfield code="d">OCLCO</subfield></datafield><datafield ind1=" " ind2=" " tag="042"><subfield code="a">pcc</subfield></datafield><datafield ind1=" " ind2=" " tag="043"><subfield code="a">n-us-ny</subfield></datafield><datafield ind1="0" ind2="4" tag="245"><subfield code="a">The North Westchester times.</subfield></datafield><datafield ind1="1" ind2="3" tag="246"><subfield code="a">Northern Westchester times</subfield></datafield><datafield ind1=" " ind2=" " tag="260"><subfield code="a">Katonah, N.Y. :</subfield><subfield code="b">North Westchester Pub. Co.</subfield></datafield><datafield ind1=" " ind2=" " tag="300"><subfield code="a">v. ;</subfield><subfield code="c">54-57 cm.</subfield></datafield><datafield ind1=" " ind2=" " tag="310"><subfield code="a">Weekly</subfield></datafield><datafield ind1=" " ind2=" " tag="321"><subfield code="a">Semiweekly &lt;1924-1927?&gt;</subfield></datafield><datafield ind1=" " ind2=" " tag="321"><subfield code="a">Weekly &lt;1909-&gt;</subfield></datafield><datafield ind1="0" ind2=" " tag="362"><subfield code="a">Vol. 31, no. 25 (Nov. 5, 1909)-v. 80, no. 48 (May 14, 1959).</subfield></datafield><datafield ind1=" " ind2=" " tag="500"><subfield code="a">"Official Westchester County newspaper."</subfield></datafield><datafield ind1=" " ind2=" " tag="500"><subfield code="a">"A local Republican newspaper devoted to the Interests of Westchester County, "</subfield></datafield><datafield ind1=" " ind2=" " tag="500"><subfield code="a">Published at Mt. Kisco, N.Y. &lt;1913-&gt;</subfield></datafield><datafield ind1=" " ind2=" " tag="500"><subfield code="a">Publishers: Will H. Chamberlain &lt;1909-1917&gt; ; A.A. Norton &lt;1917-1925&gt; ; Forbest &amp; Hunter &lt;1927-&gt;</subfield></datafield><datafield ind1=" " ind2=" " tag="500"><subfield code="a">Preceding title is based on: North Westchester Time, Apr. 7, 1911.</subfield></datafield><datafield ind1="4" ind2=" " tag="510"><subfield code="a">Duncomb, Francis R. Katonah The history of a New York village and its people Historical Committee, Katonah Village Improvement Society, 1961</subfield><subfield code="c">p. 354</subfield></datafield><datafield ind1=" " ind2=" " tag="525"><subfield code="a">Mt. Kisco Centennial editions: Oct. 12 and 19, 1950.</subfield></datafield><datafield ind1=" " ind2=" " tag="580"><subfield code="a">Combines: The Croton Valley Times and The Katonah Times.</subfield></datafield><datafield ind1=" " ind2=" " tag="588"><subfield code="a">Description based on: 32nd year, no. 44 (Apr. 7, 1911).</subfield></datafield><datafield ind1=" " ind2="0" tag="651"><subfield code="a">Bedford (N.Y. : Town)</subfield><subfield code="v">Newspapers.</subfield></datafield><datafield ind1=" " ind2="0" tag="651"><subfield code="a">Katonah (N.Y.)</subfield><subfield code="v">Newspapers.</subfield></datafield><datafield ind1=" " ind2="0" tag="651"><subfield code="a">Mount Kisco (N.Y.)</subfield><subfield code="v">Newspapers.</subfield></datafield><datafield ind1=" " ind2="0" tag="651"><subfield code="a">Westchester County (N.Y.)</subfield><subfield code="v">Newspapers.</subfield></datafield><datafield ind1=" " ind2="7" tag="655"><subfield code="a">Newspapers.</subfield><subfield code="2">fast</subfield><subfield code="0">(OCoLC)fst01423814</subfield></datafield><datafield ind1=" " ind2="7" tag="651"><subfield code="a">New York (State)</subfield><subfield code="z">Bedford (Town)</subfield><subfield code="2">fast</subfield><subfield code="0">(OCoLC)fst01337113</subfield></datafield><datafield ind1=" " ind2="7" tag="651"><subfield code="a">New York (State)</subfield><subfield code="z">Katonah.</subfield><subfield code="2">fast</subfield><subfield code="0">(OCoLC)fst01219502</subfield></datafield><datafield ind1=" " ind2="7" tag="651"><subfield code="a">New York (State)</subfield><subfield code="z">Mount Kisco.</subfield><subfield code="2">fast</subfield><subfield code="0">(OCoLC)fst01204258</subfield></datafield><datafield ind1=" " ind2="7" tag="651"><subfield code="a">New York (State)</subfield><subfield code="z">Westchester County.</subfield><subfield code="2">fast</subfield><subfield code="0">(OCoLC)fst01202684</subfield></datafield><datafield ind1=" " ind2=" " tag="752"><subfield code="a">United States</subfield><subfield code="b">New York</subfield><subfield code="c">Westchester</subfield><subfield code="d">Katonah.</subfield></datafield><datafield ind1=" " ind2=" " tag="752"><subfield code="a">United States</subfield><subfield code="b">New York</subfield><subfield code="c">Westchester</subfield><subfield code="d">Mount Kisco.</subfield></datafield><datafield ind1="1" ind2="7" tag="780"><subfield code="t">Croton Valley times</subfield><subfield code="w">(DLC)  2001062095</subfield><subfield code="w">(OCoLC)47813349</subfield></datafield><datafield ind1="1" ind2="7" tag="780"><subfield code="t">Katonah times</subfield><subfield code="w">(DLC)sn2002061593</subfield><subfield code="w">(OCoLC)34999785</subfield></datafield><datafield ind1="0" ind2="0" tag="785"><subfield code="t">North Westchester times; New Castle tribune</subfield><subfield code="w">(DLC)sn2001062048</subfield><subfield code="w">(OCoLC)47203360</subfield></datafield></record>